<?xml version="1.0" encoding="UTF-8"?><record xmlns="http://www.loc.gov/MARC21/slim" xmlns:cinclude="http://apache.org/cocoon/include/1.0" xmlns:zs="http://www.loc.gov/zing/srw/">
  <leader>00383nz  a2200121n  4500</leader>
  <controlfield tag="001">n  90726495 </controlfield>
  <controlfield tag="003">DLC</controlfield>
  <controlfield tag="005">19901221114314.6</controlfield>
  <controlfield tag="008">901221n| acannaab|          |n aaa |||  </controlfield>
  <datafield tag="010" ind1=" " ind2=" ">
    <subfield code="a">n  90726495 </subfield>
  </datafield>
  <datafield tag="040" ind1=" " ind2=" ">
    <subfield code="a">DLC</subfield>
    <subfield code="c">DLC</subfield>
  </datafield>
  <datafield tag="100" ind1="1" ind2="0">
    <subfield code="a">Aiello, Annette</subfield>
  </datafield>
  <datafield tag="670" ind1=" " ind2=" ">
    <subfield code="a">Insects of Panama and Mesoamerica, 1991:</subfield>
    <subfield code="b">CIP t.p. (Annette Aiello; Smithsonian Tropical Research Institute, Balboa, Ancon, Panama)</subfield>
  </datafield>
</record>